<?xml version="1.0" encoding="UTF-8"?><record xmlns="http://www.loc.gov/MARC21/slim" xmlns:cinclude="http://apache.org/cocoon/include/1.0" xmlns:zs="http://www.loc.gov/zing/srw/">
  <leader>01205cz  a2200253n  4500</leader>
  <controlfield tag="001">n 2004004684</controlfield>
  <controlfield tag="003">DLC</controlfield>
  <controlfield tag="005">20070205114532.0</controlfield>
  <controlfield tag="008">040405n| acaabaaan          |a ana      </controlfield>
  <datafield tag="010" ind1=" " ind2=" ">
    <subfield code="a">n 2004004684</subfield>
    <subfield code="z">n 2006042580</subfield>
  </datafield>
  <datafield tag="035" ind1=" " ind2=" ">
    <subfield code="a">(OCoLC)oca06316935</subfield>
  </datafield>
  <datafield tag="040" ind1=" " ind2=" ">
    <subfield code="a">DLC</subfield>
    <subfield code="b">eng</subfield>
    <subfield code="c">DLC</subfield>
    <subfield code="d">DLC</subfield>
    <subfield code="d">NjBlaOCU</subfield>
    <subfield code="d">DLC</subfield>
  </datafield>
  <datafield tag="130" ind1=" " ind2="0">
    <subfield code="a">Chapman &amp; Hall/CRC computer and information science series</subfield>
  </datafield>
  <datafield tag="430" ind1=" " ind2="0">
    <subfield code="a">Chapman and Hall/CRC computer and information science series</subfield>
  </datafield>
  <datafield tag="430" ind1=" " ind2="0">
    <subfield code="a">Chapman &amp; Hall/CRC computer information science</subfield>
  </datafield>
  <datafield tag="430" ind1=" " ind2="0">
    <subfield code="w">nne</subfield>
    <subfield code="a">Computer and information science series</subfield>
  </datafield>
  <datafield tag="643" ind1=" " ind2=" ">
    <subfield code="a">Boca Raton</subfield>
    <subfield code="b">Taylor &amp; Francis</subfield>
    <subfield code="d">2006-</subfield>
  </datafield>
  <datafield tag="643" ind1=" " ind2=" ">
    <subfield code="a">Boca Raton, Fla.</subfield>
    <subfield code="b">CRC Press</subfield>
    <subfield code="d">2004-2005</subfield>
  </datafield>
  <datafield tag="644" ind1=" " ind2=" ">
    <subfield code="a">f</subfield>
    <subfield code="5">DLC</subfield>
  </datafield>
  <datafield tag="645" ind1=" " ind2=" ">
    <subfield code="a">t</subfield>
    <subfield code="5">DPCC</subfield>
    <subfield code="5">DLC</subfield>
  </datafield>
  <datafield tag="646" ind1=" " ind2=" ">
    <subfield code="a">s</subfield>
    <subfield code="5">DLC</subfield>
  </datafield>
  <datafield tag="670" ind1=" " ind2=" ">
    <subfield code="a">Singh, Munindar P. The practical handbook of internet computing, 2004:</subfield>
    <subfield code="b">series t.p. (Chapman &amp; Hall/CRC computer and information science series)</subfield>
  </datafield>
  <datafield tag="670" ind1=" " ind2=" ">
    <subfield code="a">Handbook of computational molecular biology, 2005:</subfield>
    <subfield code="b">CIP galley (Chapman &amp; Hall/CRC computer information science)</subfield>
  </datafield>
  <datafield tag="670" ind1=" " ind2=" ">
    <subfield code="a">Ghosh, Sukumar. Distributed systems, c2006:</subfield>
    <subfield code="b">ecip (Computer and information science series) ser. t.p. (Chapman &amp; Hall/CRC computer and information science series)</subfield>
  </datafield>
</record>